% Feynamn Slow Electrons - original polaron paper
@article{Feynman1955,
  doi = {10.1103/physrev.97.660},
  url = {http://dx.doi.org/10.1103/PhysRev.97.660},
  year  = {1955},
  month = {feb},
  publisher = {American Physical Society ({APS})},
  volume = {97},
  number = {3},
  pages = {660--665},
  author = {R. P. Feynman},
  title = {Slow Electrons in a Polar Crystal},
  journal = {Phys. Rev.}
}

% Defin of radius of the polaron; lots of numeric solutions to Feynman's problem
@article{Schultz1959,
  doi = {10.1103/physrev.116.526},
  url = {https://doi.org/10.1103%2Fphysrev.116.526},
  year  = {1959},
  month = {nov},
  publisher = {American Physical Society ({APS})},
  volume = {116},
  number = {3},
  pages = {526--543},
  author = {T. D. Schultz},
  title = {Slow Electrons in Polar Crystals: Self-Energy,  Mass,  and Mobility},
  journal = {Physical Review}
}



# Suggested Julia citation
@article{Julia,
  doi = {10.1137/141000671},
  url = {https://doi.org/10.1137/141000671},
  year  = {2017},
  month = {jan},
  publisher = {Society for Industrial {\&} Applied Mathematics ({SIAM})},
  volume = {59},
  number = {1},
  pages = {65--98},
  author = {Jeff Bezanson and Alan Edelman and Stefan Karpinski and Viral B. Shah},
  title = {Julia: A Fresh Approach to Numerical Computing},
  journal = {{SIAM} Review}
}

# Schultz Obituary
@article{Fowler2005,
  doi = {10.1063/1.1996491},
  url = {https://doi.org/10.1063/1.1996491},
  year  = {2005},
  month = {jun},
  publisher = {{AIP} Publishing},
  volume = {58},
  number = {6},
  pages = {79--80},
  author = {Alan B. Fowler},
  title = {Theodore David Schultz},
  journal = {Physics Today}
}

% Whirlwind, from Wikipedia
@misc{WhirlwindWikipedia,
    title={Whirlwind I},
    howpublished={\url{https://en.wikipedia.org/wiki/Whirlwind_I}},
    publisher={Wikipedia}
}
